<record xmlns="http://www.loc.gov/MARC21/slim" xmlns:xsi="http://www.w3.org/2001/XMLSchema-instance" xsi:schemaLocation="http://www.loc.gov/MARC21/slim http://www.loc.gov/standards/marcxml/schema/MARC21slim.xsd"><leader>02600nam a2200457   4500</leader><controlfield tag="001">002820598</controlfield><controlfield tag="003">NNU</controlfield><controlfield tag="006">m        d        </controlfield><controlfield tag="007">cr cn |||m|||a</controlfield><controlfield tag="008">150110s1965    iq      o     000 0barao</controlfield><datafield ind1=" " ind2=" " tag="040"><subfield code="a">NNU</subfield><subfield code="b">eng</subfield><subfield code="e">rda</subfield><subfield code="c">NNU</subfield></datafield><datafield ind1=" " ind2="4" tag="050"><subfield code="a">PJ7741.S445</subfield><subfield code="b">Z8 1965</subfield></datafield><datafield ind1="1" ind2=" " tag="100"><subfield code="6">880-01</subfield><subfield code="a">Marzuba&#772;ni&#772;, Muh&#803;ammad ibn &#699;Imra&#772;n,</subfield><subfield code="d">909?-994?</subfield></datafield><datafield ind1="1" ind2="0" tag="245"><subfield code="6">880-02</subfield><subfield code="a">Akhba&#772;r al-Sayyid al-H&#803;imyari&#772;,</subfield><subfield code="c">li-Abi&#772; &#699;Ubayd Alla&#772;h Muh&#803;ammad ibn &#699;Imra&#772;n al-Marzuba&#772;ni&#772; al-Khura&#772;sa&#772;ni&#772;. Tah&#803;qi&#772;q Muh&#803;ammad Ha&#772;di&#772; al-Ami&#772;ni&#772;.</subfield></datafield><datafield ind1=" " ind2=" " tag="250"><subfield code="6">880-03</subfield><subfield code="a">[al-T&#803;ab&#699;ah 1].</subfield></datafield><datafield ind1=" " ind2="1" tag="264"><subfield code="6">880-04</subfield><subfield code="a">[al-Najaf] :</subfield><subfield code="b">Da&#772;r al-Ba&#772;qir,</subfield><subfield code="c">[1965]</subfield></datafield><datafield ind1=" " ind2=" " tag="300"><subfield code="a">online resource (71 pages)</subfield></datafield><datafield ind1=" " ind2=" " tag="336"><subfield code="a">text</subfield><subfield code="2">rdacontent</subfield></datafield><datafield ind1=" " ind2=" " tag="337"><subfield code="a">computer</subfield><subfield code="2">rdamedia</subfield></datafield><datafield ind1=" " ind2=" " tag="338"><subfield code="a">online resource</subfield><subfield code="2">rdacarrier</subfield></datafield><datafield ind1="1" ind2=" " tag="490"><subfield code="6">880-05</subfield><subfield code="a">His Rasa&#772;&#697;il al-Marzuba&#772;ni&#772; ;</subfield><subfield code="v">1</subfield></datafield><datafield ind1=" " ind2=" " tag="500"><subfield code="a">Part of the Arabic Collections Online (ACO) project, contributed by New York Univeristy Libraries.</subfield></datafield><datafield ind1=" " ind2=" " tag="533"><subfield code="a">Electronic reproduction.</subfield><subfield code="b">New York, N.Y. :</subfield><subfield code="c">New York University,</subfield><subfield code="d">2015.</subfield><subfield code="5">NNU</subfield></datafield><datafield ind1="1" ind2="0" tag="600"><subfield code="a">Sayyid al-H&#803;imyari&#772;, Isma&#772;&#699;il ibn Muh&#803;ammad,</subfield><subfield code="d">723-789.</subfield></datafield><datafield ind1="1" ind2="7" tag="600"><subfield code="a">Sayyid al-H&#803;imyari&#772;, Isma&#772;&#699;il ibn Muh&#803;ammad,</subfield><subfield code="d">723-789</subfield><subfield code="2">fast</subfield><subfield code="0">(OCoLC)fst00347430</subfield></datafield><datafield ind1="1" ind2=" " tag="700"><subfield code="6">880-06</subfield><subfield code="a">Ami&#772;ni&#772;, Muh&#803;ammad Ha&#772;di&#772;.</subfield></datafield><datafield ind1="2" ind2=" " tag="710"><subfield code="a">New York University.</subfield><subfield code="b">Libraries.</subfield></datafield><datafield ind1="0" ind2=" " tag="730"><subfield code="a">Arabic Collections Online.</subfield></datafield><datafield ind1="0" ind2="8" tag="776"><subfield code="i">Online version:</subfield><subfield code="a">Marzuba&#772;ni&#772;, Muh&#803;ammad ibn &#699;Imra&#772;n, 909?-994?</subfield><subfield code="t">Akhba&#772;r al-Sayyid al-H&#803;imyari&#772;.</subfield><subfield code="b">[al-T&#803;ab&#699;ah 1].</subfield><subfield code="d">[al-Najaf] Da&#772;r al-Ba&#772;qir [1965]</subfield><subfield code="w">(OCoLC)648633667</subfield></datafield><datafield ind1="0" ind2="8" tag="776"><subfield code="i">Print version:</subfield><subfield code="a">Marzuba&#772;ni&#772;, Muh&#803;ammad ibn &#699;Imra&#772;n, 909?-994?</subfield><subfield code="t">Akhba&#772;r al-Sayyid al-H&#803;imyari&#772;</subfield><subfield code="w">(NNU)002820598</subfield><subfield code="w">(DLC)ne 66001397</subfield></datafield><datafield ind1="4" ind2="0" tag="856"><subfield code="u">http://hdl.handle.net/2333.1/02v6wzfz</subfield></datafield><datafield ind1="1" ind2=" " tag="880"><subfield code="6">100-01/</subfield><subfield code="a">&#1605;&#1585;&#1586;&#1576;&#1575;&#1606;&#1610;&#1548; &#1605;&#1581;&#1605;&#1583; &#1576;&#1606; &#1593;&#1605;&#1585;&#1575;&#1606;&#1548;</subfield><subfield code="d">909?-994?</subfield></datafield><datafield ind1="1" ind2="0" tag="880"><subfield code="6">245-02/</subfield><subfield code="a">&#1571;&#1582;&#1576;&#1575;&#1585; &#1575;&#1604;&#1587;&#1610;&#1583; &#1575;&#1604;&#1581;&#1605;&#1610;&#1585;&#1610; /</subfield><subfield code="c">&#1604;&#1571;&#1576;&#1610; &#1593;&#1576;&#1610;&#1583; &#1575;&#1604;&#1604;&#1607; &#1605;&#1581;&#1605;&#1583; &#1576;&#1606; &#1593;&#1605;&#1585;&#1575;&#1606; &#1575;&#1604;&#1605;&#1585;&#1586;&#1576;&#1575;&#1606;&#1610; &#1575;&#1604;&#1582;&#1585;&#1575;&#1587;&#1575;&#1606;&#1610; &#1563; &#1578;&#1581;&#1602;&#1610;&#1602; &#1605;&#1581;&#1605;&#1583; &#1607;&#1575;&#1583;&#1610; &#1575;&#1604;&#1571;&#1605;&#1610;&#1606;&#1610;.</subfield></datafield><datafield ind1=" " ind2=" " tag="880"><subfield code="6">250-03/</subfield><subfield code="a">&#1575;&#1604;&#1591;&#1576;&#1593;&#1577; &#1633;.</subfield></datafield><datafield ind1=" " ind2="1" tag="880"><subfield code="6">264-04/</subfield><subfield code="a">&#1575;&#1604;&#1606;&#1580;&#1601; :</subfield><subfield code="b">&#1583;&#1575;&#1585; &#1575;&#1604;&#1576;&#1575;&#1602;&#1585;&#1548;</subfield><subfield code="c">[1965]</subfield></datafield><datafield ind1="1" ind2=" " tag="880"><subfield code="6">490-05/</subfield><subfield code="a">&#1585;&#1587;&#1575;&#1574;&#1604; &#1575;&#1604;&#1605;&#1585;&#1586;&#1576;&#1575;&#1606;&#1610; &#1563;</subfield><subfield code="v">&#1633;</subfield></datafield><datafield ind1="1" ind2=" " tag="880"><subfield code="6">700-06/</subfield><subfield code="a">&#1571;&#1605;&#1610;&#1606;&#1610;&#1548; &#1605;&#1581;&#1605;&#1583; &#1607;&#1575;&#1583;&#1610;.</subfield></datafield><datafield ind1="1" ind2=" " tag="800"><subfield code="6">880-07</subfield><subfield code="a">Marzuba&#772;ni&#772;, Muh&#803;ammad ibn &#699;Imra&#772;n,</subfield><subfield code="d">909?-994?</subfield><subfield code="t">Rasa&#772;&#697;il al-Marzuba&#772;ni&#772; ;</subfield><subfield code="v">1.</subfield></datafield><datafield ind1="1" ind2=" " tag="880"><subfield code="6">800-07/</subfield><subfield code="a">&#1605;&#1585;&#1586;&#1576;&#1575;&#1606;&#1610;&#1548; &#1605;&#1581;&#1605;&#1583; &#1576;&#1606; &#1593;&#1575;&#1605;&#1585;&#1575;&#1606;&#1548;</subfield><subfield code="d">909?-994?</subfield><subfield code="t">&#1585;&#1587;&#1575;&#1604; &#1575;&#1604;&#1605;&#1585;&#1586;&#1576;&#1575;&#1606;&#1610; &#1563;</subfield><subfield code="v">1.</subfield></datafield><datafield ind1=" " ind2=" " tag="959"><subfield code="a">NNU</subfield><subfield code="b">WEB</subfield><subfield code="c">GENI</subfield><subfield code="t">0</subfield><subfield code="m">Electronic access</subfield><subfield code="s">01</subfield></datafield><datafield ind1=" " ind2=" " tag="999"><subfield code="i">NNU_002820598</subfield><subfield code="o" /></datafield></record>